<?xml version="1.0" encoding="UTF-8"?><collection xmlns="http://www.loc.gov/MARC21/slim"><record><leader>00433nam--2200133-i-4500</leader><controlfield tag="001">000016243</controlfield><controlfield tag="002">20161230</controlfield><controlfield tag="005">20161230201031</controlfield><controlfield tag="008">060222s1000------------r-----000-0-eng-d</controlfield><datafield ind1=" " ind2=" " tag="080"><subfield code="a">543.422(043)</subfield></datafield><datafield ind1=" " ind2=" " tag="100"><subfield code="a">Barojas, Estela B.De</subfield></datafield><datafield ind1=" " ind2=" " tag="245"><subfield code="a">Effet du couplge molecule-reseau sur le spectre d absorption i r d une molecule piegee dans une matrice: modelle a une dimension these</subfield></datafield><datafield ind1=" " ind2=" " tag="260"><subfield code="a">Paris, Universite, 1974 84 P</subfield></datafield><datafield ind1=" " ind2=" " tag="852"><subfield code="a">77907</subfield></datafield></record></collection>